<?xml version="1.0" encoding="UTF-8"?>
<OAI-PMH xmlns="http://www.openarchives.org/OAI/2.0/" xmlns:xsi="http://www.w3.org/2001/XMLSchema-instance" xsi:schemaLocation="http://www.openarchives.org/OAI/2.0/ http://www.openarchives.org/OAI/2.0/OAI-PMH.xsd">
  <ListRecords>
    <record>
      <header>
        <identifier>aleph-publish:000297043</identifier>
      </header>
      <metadata>
        <record xmlns="http://www.ddb.de/professionell/mabxml/mabxml-1.xsd">
          <leader>00540vM2.01200024------h</leader>
          <controlfield tag="LDR">00540vM2.01200024------h</controlfield>
          <controlfield tag="FMT">MH</controlfield>
          <datafield tag="001" ind1="-" ind2="1">
            <subfield code="a">HT002109178</subfield>
          </datafield>
          <datafield tag="002" ind1="a" ind2="1">
            <subfield code="a">19910131</subfield>
          </datafield>
          <datafield tag="003" ind1="-" ind2="1">
            <subfield code="a">20070814</subfield>
          </datafield>
          <datafield tag="026" ind1="-" ind2="1">
            <subfield code="a">HBZHT002109178</subfield>
          </datafield>
          <controlfield tag="030">a|1uc||||||17</controlfield>
          <datafield tag="036" ind1="a" ind2="1">
            <subfield code="a">DE</subfield>
          </datafield>
          <datafield tag="037" ind1="b" ind2="1">
            <subfield code="a">ger</subfield>
          </datafield>
          <controlfield tag="050">a|||||||||||||</controlfield>
          <controlfield tag="051">t|||||||</controlfield>
          <datafield tag="070" ind1="-" ind2="1">
            <subfield code="a">464</subfield>
          </datafield>
          <datafield tag="070" ind1="b" ind2="1">
            <subfield code="a">6</subfield>
          </datafield>
          <datafield tag="080" ind1="-" ind2="1">
            <subfield code="a">60</subfield>
          </datafield>
          <datafield tag="100" ind1="-" ind2="1">
            <subfield code="p">Finkenzeller, Josef</subfield>
            <subfield code="d">1921-</subfield>
            <subfield code="9">(DE-588)134036379</subfield>
          </datafield>
          <datafield tag="331" ind1="-" ind2="1">
            <subfield code="a">&lt;&lt;Die&gt;&gt; Lehre von den Sakramenten im allgemeinen</subfield>
          </datafield>
          <datafield tag="359" ind1="-" ind2="1">
            <subfield code="a">Josef Finkenzeller</subfield>
          </datafield>
          <datafield tag="410" ind1="-" ind2="1">
            <subfield code="a">Freiburg [u.a.]</subfield>
          </datafield>
          <datafield tag="412" ind1="-" ind2="1">
            <subfield code="a">Herder</subfield>
          </datafield>
          <datafield tag="425" ind1="b" ind2="1">
            <subfield code="a">1980</subfield>
          </datafield>
          <datafield tag="451" ind1="-" ind2="1">
            <subfield code="a">Handbuch der Dogmengeschichte : Bd. 4, Sakramente, Eschatologie ; Fasz. 1</subfield>
          </datafield>
          <datafield tag="453" ind1="-" ind2="1">
            <subfield code="a">HT001231518</subfield>
          </datafield>
          <datafield tag="455" ind1="-" ind2="1">
            <subfield code="a">Bd. 4, Sakramente, Eschatologie ; Fasz. 1</subfield>
          </datafield>
          <datafield tag="456" ind1="-" ind2="1">
            <subfield code="a">4,1</subfield>
          </datafield>
          <datafield tag="523" ind1="-" ind2="1">
            <subfield code="p">Erschienen</subfield>
            <subfield code="a">Fasz. A - B</subfield>
          </datafield>
          <datafield tag="700" ind1="l" ind2="1">
            <subfield code="a">450</subfield>
          </datafield>
          <datafield tag="902" ind1="-" ind2="1">
            <subfield code="s">Sakramententheologie</subfield>
            <subfield code="9">(DE-588)4133524-7</subfield>
          </datafield>
          <datafield tag="902" ind1="-" ind2="1">
            <subfield code="z">Geschichte</subfield>
          </datafield>
          <controlfield tag="SYS">000297043</controlfield>
          <datafield tag="PSW" ind1="-" ind2="1">
            <subfield code="s">Sakramentenlehre</subfield>
            <subfield code="9">(DE-588)4133524-7</subfield>
          </datafield>
          <datafield tag="PSW" ind1="-" ind2="1">
            <subfield code="s">Sakramentslehre</subfield>
            <subfield code="9">(DE-588)4133524-7</subfield>
          </datafield>
          <datafield tag="PSW" ind1="-" ind2="1">
            <subfield code="s">Sakrament</subfield>
            <subfield code="x">Theologie</subfield>
            <subfield code="9">(DE-588)4133524-7</subfield>
          </datafield>
          <datafield tag="PSW" ind1="-" ind2="1">
            <subfield code="s">Sakramentenlehre</subfield>
            <subfield code="9">(DE-588)4133524-7</subfield>
          </datafield>
          <datafield tag="PSW" ind1="-" ind2="1">
            <subfield code="s">Sakramentslehre</subfield>
            <subfield code="9">(DE-588)4133524-7</subfield>
          </datafield>
          <datafield tag="PSW" ind1="-" ind2="1">
            <subfield code="s">Sakrament</subfield>
            <subfield code="x">Theologie</subfield>
            <subfield code="9">(DE-588)4133524-7</subfield>
          </datafield>
          <datafield tag="PPE" ind1="-" ind2="1">
            <subfield code="p">Finkenzeller, Joseph</subfield>
            <subfield code="d">1921-</subfield>
            <subfield code="9">(DE-588)134036379</subfield>
          </datafield>
          <datafield tag="PPE" ind1="-" ind2="1">
            <subfield code="p">Finkenzeller, Joseph</subfield>
            <subfield code="d">1921-</subfield>
            <subfield code="9">(DE-588)134036379</subfield>
          </datafield>
          <datafield tag="OWN" ind1=" " ind2=" ">
            <subfield code="a">P0001</subfield>
          </datafield>
          <datafield tag="PLK" ind1=" " ind2=" ">
            <subfield code="a">DN</subfield>
            <subfield code="l">PAD01</subfield>
            <subfield code="b">000297044</subfield>
            <subfield code="m">&lt;&lt;Die&gt;&gt; Lehre von den Sakramenten im allgemeinen.^1980</subfield>
            <subfield code="n">A;^.^Von der Schrift bis zur Scholastik.^1980</subfield>
          </datafield>
          <datafield tag="PLK" ind1=" " ind2=" ">
            <subfield code="a">DN</subfield>
            <subfield code="l">PAD01</subfield>
            <subfield code="b">000297045</subfield>
            <subfield code="m">&lt;&lt;Die&gt;&gt; Lehre von den Sakramenten im allgemeinen.^1980</subfield>
            <subfield code="n">B;^.^Von der Reformation bis zur Gegenwart.^1982</subfield>
          </datafield>
          <datafield tag="PLK" ind1=" " ind2=" ">
            <subfield code="a">SRU</subfield>
            <subfield code="l">PAD01</subfield>
            <subfield code="b">000202777</subfield>
            <subfield code="m">Bd. 4, Sakramente, Eschatologie ; Fasz. 1.^&lt;&lt;Die&gt;&gt; Lehre von den Sakramenten im allgemeinen.^1980</subfield>
            <subfield code="n">Handbuch der Dogmengeschichte.^1951</subfield>
          </datafield>
        </record>
      </metadata>
    </record>
  </ListRecords>
</OAI-PMH>
